@article{schepman2023general,
  title={The General Attitudes towards Artificial Intelligence Scale (GAAIS): Confirmatory validation and associations with personality, corporate distrust, and general trust},
  author={Schepman, Astrid and Rodway, Paul},
  journal={International Journal of Human--Computer Interaction},
  volume={39},
  number={13},
  pages={2724--2741},
  year={2023},
  publisher={Taylor \& Francis}
}

@article{schepman2020initial,
  title={Initial validation of the general attitudes towards Artificial Intelligence Scale},
  author={Schepman, Astrid and Rodway, Paul},
  journal={Computers in human behavior reports},
  volume={1},
  pages={100014},
  year={2020},
  publisher={Elsevier}
}

@article{hatch2023consumption,
  title={The consumption of pornography scale--general (COPS--G)},
  author={Hatch, S Gabe and Esplin, Charlotte R and Hatch, H Dorian and Halstead, Aeriel and Olsen, Joseph and Braithwaite, Scott R},
  journal={Sexual and Relationship Therapy},
  volume={38},
  number={2},
  pages={194--218},
  year={2023},
  publisher={Taylor \& Francis}
}

@article{wierzba2015erotic,
  title={Erotic subset for the Nencki Affective Picture System (NAPS ERO): cross-sexual comparison study},
  author={Wierzba, Ma{\l}gorzata and Riegel, Monika and Pucz, Anna and Le{\'s}niewska, Zuzanna and Dragan, Wojciech {\L} and Gola, Mateusz and Jednor{\'o}g, Katarzyna and Marchewka, Artur},
  journal={Frontiers in psychology},
  volume={6},
  pages={1336},
  year={2015},
  publisher={Frontiers Media SA}
}

@article{marchewka2014nencki,
  title={The Nencki Affective Picture System (NAPS): Introduction to a novel, standardized, wide-range, high-quality, realistic picture database},
  author={Marchewka, Artur and {\.Z}urawski, {\L}ukasz and Jednor{\'o}g, Katarzyna and Grabowska, Anna},
  journal={Behavior research methods},
  volume={46},
  number={2},
  pages={596--610},
  year={2014},
  publisher={Springer}
}

@article{de2015jspsych,
  title={jsPsych: A JavaScript library for creating behavioral experiments in a Web browser},
  author={De Leeuw, Joshua R},
  journal={Behavior research methods},
  volume={47},
  number={1},
  pages={1--12},
  year={2015},
  publisher={Springer}
}

@article{de2024datapipe,
  title={DataPipe: Born-open data collection for online experiments},
  author={de Leeuw, Joshua R},
  journal={Behavior Research Methods},
  volume={56},
  number={3},
  pages={2499--2506},
  year={2024},
  publisher={Springer}
}